@inproceedings{lai2018modeling,
	title={Modeling long-and short-term temporal patterns with deep neural networks},
	author={Lai, Guokun and Chang, Wei-Cheng and Yang, Yiming and Liu, Hanxiao},
	booktitle={The 41st International ACM SIGIR Conference on Research \& Development in Information Retrieval},
	pages={95--104},
	year={2018}
}

@article{kim2003financial,
	title={Financial time series forecasting using support vector machines},
	author={Kim, Kyoung-jae},
	journal={Neurocomputing},
	volume={55},
	number={1-2},
	pages={307--319},
	year={2003},
	publisher={Elsevier}
}

@article{cao2003support,
	title={Support vector machine with adaptive parameters in financial time series forecasting},
	author={Cao, Li-Juan and Tay, Francis Eng Hock},
	journal={IEEE Transactions on neural networks},
	volume={14},
	number={6},
	pages={1506--1518},
	year={2003},
	publisher={IEEE}
}

@article{hewamalage2021recurrent,
	title={Recurrent neural networks for time series forecasting: Current status and future directions},
	author={Hewamalage, Hansika and Bergmeir, Christoph and Bandara, Kasun},
	journal={International Journal of Forecasting},
	volume={37},
	number={1},
	pages={388--427},
	year={2021},
	publisher={Elsevier}
}

@article{chung2014empirical,
	title={Empirical evaluation of gated recurrent neural networks on sequence modeling},
	author={Chung, Junyoung and Gulcehre, Caglar and Cho, KyungHyun and Bengio, Yoshua},
	journal={arXiv preprint arXiv:1412.3555},
	year={2014}
}

@article{smyl2020hybrid,
	title={A hybrid method of exponential smoothing and recurrent neural networks for time series forecasting},
	author={Smyl, Slawek},
	journal={International Journal of Forecasting},
	volume={36},
	number={1},
	pages={75--85},
	year={2020},
	publisher={Elsevier}
}